<marc:record xmlns:marc="http://www.loc.gov/MARC21/slim" xmlns:xsi="http://www.w3.org/2001/XMLSchema-instance" xsi:schemaLocation="http://www.loc.gov/MARC21/slim http://www.loc.gov/standards/marcxml/schema/MARC21slim.xsd">
  <marc:leader>     cam a2200241 a 45M</marc:leader>
  <marc:controlfield tag="001">002977813</marc:controlfield>
  <marc:controlfield tag="003">NNU</marc:controlfield>
  <marc:controlfield tag="005">20061010172134.0</marc:controlfield>
  <marc:controlfield tag="008">890120s1900    ua            000 0 ara d</marc:controlfield>
  <marc:datafield tag="035" ind1="9" ind2=" ">
    <marc:subfield code="a">NYUb10707571</marc:subfield>
  </marc:datafield>
  <marc:datafield tag="035" ind1=" " ind2=" ">
    <marc:subfield code="a">(CStRLIN)NYUG89-B2021</marc:subfield>
  </marc:datafield>
  <marc:datafield tag="040" ind1=" " ind2=" ">
    <marc:subfield code="a">NNU</marc:subfield>
    <marc:subfield code="c">NNU</marc:subfield>
  </marc:datafield>
  <marc:datafield tag="066" ind1=" " ind2=" ">
    <marc:subfield code="c">(3</marc:subfield>
  </marc:datafield>
  <marc:datafield tag="090" ind1=" " ind2=" ">
    <marc:subfield code="a">PJ6101.Z33</marc:subfield>
    <marc:subfield code="b">I22 1900x</marc:subfield>
  </marc:datafield>
  <marc:datafield tag="100" ind1="1" ind2=" ">
    <marc:subfield code="a">Ibn Yaʻīsh, Yaʻīsh ibn ʻAlī,</marc:subfield>
    <marc:subfield code="d">1158-1245</marc:subfield>
    <marc:subfield code="6">01</marc:subfield>
  </marc:datafield>
  <marc:datafield tag="100" ind1="1" ind2=" ">
    <marc:subfield code="6">01</marc:subfield>
    <marc:subfield code="a">ابن يعيش، أبو البقاء يعيش بن علي.</marc:subfield>
  </marc:datafield>
  <marc:datafield tag="245" ind1="1" ind2="0">
    <marc:subfield code="6">02</marc:subfield>
    <marc:subfield code="a">Sharḥ al-mufaṣṣal /</marc:subfield>
    <marc:subfield code="c">li-Muwaffiq al-Dīn Yaʻīsh Ibn ʻAlī ibn Yaʻīsh al-Naḥwī ; ʻuniyat bi-ṭabʻah wa-nashrah bi-amr al-mushaykhah Idārat al-Ṭibāʻah al-Munīrīyah ; ṣaḥḥaḥa wa-ʻallaqa ʻalayhi ḥawāshī nafīsah baʻd murājaʻatahu ʻalá uṣūl khaṭṭīyah bi-maʻrifat mushaykat al-Azhār al-Maʻmūr.</marc:subfield>
  </marc:datafield>
  <marc:datafield tag="245" ind1="1" ind2="0">
    <marc:subfield code="6">02</marc:subfield>
    <marc:subfield code="a">شرح المفصل /</marc:subfield>
    <marc:subfield code="c">لموفق الدين يعيش ابن علي بن يعيش النحوي ؛ عنيت بطبعه ونشره بامر المشيخة إدارة الطباعة المنيرية ؛ صححه وعلق عليه حواشي نفيسة بعد مراجعته على اصول خطية بمعرفة مشيخة الازهر المعمور.</marc:subfield>
  </marc:datafield>
  <marc:datafield tag="260" ind1=" " ind2=" ">
    <marc:subfield code="6">03</marc:subfield>
    <marc:subfield code="a">Miṣr :</marc:subfield>
    <marc:subfield code="b">Idārat al-Ṭibāʻah al-Munīrīyah,</marc:subfield>
    <marc:subfield code="c">[1900?]</marc:subfield>
  </marc:datafield>
  <marc:datafield tag="260" ind1=" " ind2=" ">
    <marc:subfield code="6">03</marc:subfield>
    <marc:subfield code="a">مصر :</marc:subfield>
    <marc:subfield code="b">إدارة الطباعة المنيرية،</marc:subfield>
    <marc:subfield code="c">[1900?]</marc:subfield>
  </marc:datafield>
  <marc:datafield tag="300" ind1=" " ind2=" ">
    <marc:subfield code="a">10 v. in 3 ;</marc:subfield>
    <marc:subfield code="c">28 cm.</marc:subfield>
  </marc:datafield>
  <marc:datafield tag="600" ind1="1" ind2="0">
    <marc:subfield code="a">Zamakhsharī, Maḥmūd ibn ʻUmar,</marc:subfield>
    <marc:subfield code="d">1075-1144.</marc:subfield>
    <marc:subfield code="t">Mufaṣṣal fī ʻilm al-ʻArabīyah.</marc:subfield>
  </marc:datafield>
  <marc:datafield tag="650" ind1=" " ind2="0">
    <marc:subfield code="a">Arabic language</marc:subfield>
    <marc:subfield code="x">Grammar</marc:subfield>
    <marc:subfield code="v">Early works to 1800.</marc:subfield>
  </marc:datafield>
  <marc:datafield tag="998" ind1=" " ind2=" ">
    <marc:subfield code="a">20010730</marc:subfield>
    <marc:subfield code="d">19890120</marc:subfield>
    <marc:subfield code="d">20030917</marc:subfield>
    <marc:subfield code="n">NNU</marc:subfield>
    <marc:subfield code="s">1</marc:subfield>
    <marc:subfield code="t">c</marc:subfield>
    <marc:subfield code="z">p</marc:subfield>
  </marc:datafield>
</marc:record>
